@Unpublished{dadlecture,
  author = 	 {Declan A Diver},
  title = 	 {Plasma Theory and Diagnostics Lecture Material},
  note = 	 {},
  OPTkey = 	 {},
  OPTmonth = 	 {},
  year = 	 {2013},
  OPTannote = 	 {}
}

@Unpublished{eklecture,
  author = 	 {Eduard Kontar},
  title = 	 {Plasma Theory and Diagnostics {II} Lecture Material},
  note = 	 {},
  OPTkey = 	 {},
  OPTmonth = 	 {},
  year = 	 {2014},
  OPTannote = 	 {}
}


@Book{,
  author = 	 {Boyd, T J M and Sanderson, J J},
  ALTeditor = 	 {},
  title = 	 {The Physics of Plasmas},
  publisher = 	 {Cambridge University Press},
  year = 	 {2003},
  OPTkey = 	 {},
  OPTvolume = 	 {},
  OPTnumber = 	 {},
  OPTseries = 	 {},
  OPTaddress = 	 {},
  OPTedition = 	 {},
  OPTmonth = 	 {},
  OPTnote = 	 {},
  OPTannote = 	 {}
}

